<?xml version="1.0" encoding="UTF-8"?>
<record xmlns="http://www.loc.gov/MARC21/slim" xmlns:xsi="http://www.w3.org/2001/XMLSchema-instance" xsi:schemaLocation="http://www.loc.gov/MARC21/slim http://www.loc.gov/standards/marcxml/schema/MARC21slim.xsd">
<leader>     nam a22002531  4500</leader>
<controlfield tag="001">002344784</controlfield>
<controlfield tag="003">NNU</controlfield>
<controlfield tag="005">19970422151208.0</controlfield>
<controlfield tag="008">860610m19581959ir            000 0 arar</controlfield>
<datafield tag="010" ind1=" " ind2=" ">
<subfield code="a">ne 64003291</subfield>
</datafield>
<datafield tag="035" ind1="9" ind2=" ">
<subfield code="a">NYUb11475281</subfield>
</datafield>
<datafield tag="035" ind1=" " ind2=" ">
<subfield code="a">(CStRLIN)NYUG86-B19679</subfield>
</datafield>
<datafield tag="035" ind1=" " ind2=" ">
<subfield code="a">GLIS004685637</subfield>
</datafield>
<datafield tag="040" ind1=" " ind2=" ">
<subfield code="c">NNU</subfield>
<subfield code="d">NNU</subfield>
</datafield>
<datafield tag="090" ind1=" " ind2=" ">
<subfield code="i">06/10/86 CT</subfield>
</datafield>
<datafield tag="100" ind1="0" ind2=" ">
<subfield code="a">Avicenna,</subfield>
<subfield code="d">980-1037.</subfield>
</datafield>
<datafield tag="245" ind1="1" ind2="3">
<subfield code="a">al-Ishārāt wa-al-tanbīhāt,</subfield>
<subfield code="c">li-Abī ʻAlī Ḥusayn ibn ʻAbd Allāh ibn Sīnā, maʻa al-sharḥ lil-muḥaqqiq Naṣīr al-Dīn Muḥammad ibn Muḥammad ibn al-Ḥasan al-Ṭūsī wa-sharḥ al-sharḥ lil-ʻallāmah Quṭb al-Dīn Muḥammad ibn Muḥammad ibn Abījaʻfar al-Rāzī.</subfield>
</datafield>
<datafield tag="260" ind1=" " ind2=" ">
<subfield code="a">[Ṭihrān]</subfield>
<subfield code="b">Maṭbaʻat al-Haydarī,</subfield>
<subfield code="c">1377-1379 [1958-1959]</subfield>
</datafield>
<datafield tag="300" ind1=" " ind2=" ">
<subfield code="a">3 v.</subfield>
<subfield code="c">25 cm.</subfield>
</datafield>
<datafield tag="505" ind1="0" ind2=" ">
<subfield code="a">Juzʼ 1. Fī ʻilm al-manṭiq -- juzʼ 2. Fī ʻilm al-ṭabīʻah -- juzʼ 3. Fī ʻilm mā qabla al-ṭabīʻah.</subfield>
</datafield>
<datafield tag="700" ind1="1" ind2=" ">
<subfield code="a">Quṭb al-Taḥtānī, Muḥammad ibn Muḥammad,</subfield>
<subfield code="d">1294 or 5-1364 or 5.</subfield>
</datafield>
<datafield tag="700" ind1="1" ind2=" ">
<subfield code="a">Ṭūsī, Naṣīr al-Dīn Muḥammad ibn Muḥammad,</subfield>
<subfield code="d">1201-1274.</subfield>
</datafield>
<datafield tag="OWN" ind1=" " ind2=" ">
<subfield code="a">GENERAL</subfield>
</datafield>
<datafield tag="950" ind1=" " ind2=" ">
<subfield code="l">BMAIN</subfield>
<subfield code="a">B751</subfield>
<subfield code="b">.I6 1958</subfield>
<subfield code="n">455:sl Unanalyzed</subfield>
<subfield code="i">06/10/86 C</subfield>
</datafield>
<datafield tag="955" ind1=" " ind2=" ">
<subfield code="l">BMAIN</subfield>
<subfield code="c">1:v.3</subfield>
<subfield code="i">06/10/86 C</subfield>
</datafield>
<datafield tag="955" ind1=" " ind2=" ">
<subfield code="l">BMAIN</subfield>
<subfield code="c">1:v.2</subfield>
<subfield code="i">06/10/86 C</subfield>
</datafield>
<datafield tag="AVA" ind1=" " ind2=" ">
<subfield code="a">NYU50</subfield>
<subfield code="b">BOBST</subfield>
<subfield code="c">Main Collection</subfield>
<subfield code="d">B751 .I6 1958</subfield>
<subfield code="e">unavailable</subfield>
<subfield code="t">Unavailable</subfield>
<subfield code="f">2</subfield>
<subfield code="g">2</subfield>
<subfield code="h">Y</subfield>
<subfield code="i">1</subfield>
<subfield code="j">MAIN</subfield>
<subfield code="k">0</subfield>
</datafield>
</record>
